
@book{bertsimas1997introduction,
  title={Introduction to linear optimization},
  author={Bertsimas, Dimitris and Tsitsiklis, John N},
  volume={6},
  year={1997},
  publisher={Athena Scientific Belmont, MA}
}


@book{hastie2009elements,
  title={The elements of statistical learning: data mining, inference, and prediction},
  author={Hastie, Trevor and Tibshirani, Robert and Friedman, Jerome H and Friedman, Jerome H},
  volume={2},
  year={2009},
  publisher={Springer}
}


@book{mohri2018foundations,
  title={Foundations of machine learning},
  author={Mohri, Mehryar and Rostamizadeh, Afshin and Talwalkar, Ameet},
  year={2018},
  publisher={MIT press}
}


@book{shalev2014understanding,
  title={Understanding machine learning: From theory to algorithms},
  author={Shalev-Shwartz, Shai and Ben-David, Shai},
  year={2014},
  publisher={Cambridge university press}
}